<?xml version="1.0" encoding="UTF-8"?><record xmlns="http://www.loc.gov/MARC21/slim" xmlns:cinclude="http://apache.org/cocoon/include/1.0" xmlns:zs="http://www.loc.gov/zing/srw/">
  <leader>00386nz  a2200121n  4500</leader>
  <controlfield tag="001">n  89601262 </controlfield>
  <controlfield tag="003">DLC</controlfield>
  <controlfield tag="005">19890110142510.1</controlfield>
  <controlfield tag="008">890110n| acannaab|          |n aad |||  </controlfield>
  <datafield tag="010" ind1=" " ind2=" ">
    <subfield code="a">n  89601262 </subfield>
  </datafield>
  <datafield tag="040" ind1=" " ind2=" ">
    <subfield code="a">DLC</subfield>
    <subfield code="c">DLC</subfield>
  </datafield>
  <datafield tag="100" ind1="1" ind2="0">
    <subfield code="a">Baranick, William A.</subfield>
  </datafield>
  <datafield tag="670" ind1=" " ind2=" ">
    <subfield code="a">nuc89-2258: His The attitude of public elementary ... 1985</subfield>
    <subfield code="b">(hdg. on MdU rept.: Baranick, William A.; usage: William A. Baranick)</subfield>
  </datafield>
</record>